<?xml version="1.0" encoding="UTF-8"?><collection xmlns="http://www.loc.gov/MARC21/slim"><record><leader>00558nam--2200133-i-4500</leader><controlfield tag="001">000014480</controlfield><controlfield tag="002">20161230</controlfield><controlfield tag="005">20161230201030</controlfield><controlfield tag="008">060222s1000------------r-----000-0-eng-d</controlfield><datafield ind1=" " ind2=" " tag="080"><subfield code="a">615.849(061.3)</subfield></datafield><datafield ind1=" " ind2=" " tag="245"><subfield code="a">High-let radiations in clinical radiotherapy. proceedings of the 3rd meeting on fundamental and practical aspects of the application of fast neutrons and other high-let particles in clinical radiotherapy, the hague, netherlands, 13-15 september 1978</subfield></datafield><datafield ind1=" " ind2=" " tag="260"><subfield code="a">Oxfords, Pergamon Press, 1979. Vii + 287 P</subfield></datafield><datafield ind1=" " ind2=" " tag="700"><subfield code="a">Barendsen, G.V</subfield></datafield><datafield ind1=" " ind2=" " tag="852"><subfield code="a">71047</subfield></datafield></record></collection>